<record><leader>00000cas a2200000 a 4500</leader><controlfield tag="001">12817599</controlfield><controlfield tag="008">851119d182u182uscuir ne      0    0eng c</controlfield><datafield ind1=" " ind2=" " tag="010"><subfield code="a">sn 85038607 </subfield></datafield><datafield ind1=" " ind2=" " tag="040"><subfield code="a">NPY</subfield><subfield code="b">eng</subfield><subfield code="c">NPY</subfield><subfield code="d">NPX</subfield><subfield code="d">NVF</subfield><subfield code="d">OCLCQ</subfield></datafield><datafield ind1=" " ind2=" " tag="042"><subfield code="a">pcc</subfield></datafield><datafield ind1="0" ind2=" " tag="130"><subfield code="a">Charleston Mercury, and morning advertiser (Charleston, S.C. : Triweekly)</subfield></datafield><datafield ind1="1" ind2="4" tag="245"><subfield code="a">The Charleston Mercury, and morning advertiser.</subfield></datafield><datafield ind1=" " ind2=" " tag="260"><subfield code="a">Charleston, S.C. :</subfield><subfield code="b">Henry L. Pinckney</subfield></datafield><datafield ind1=" " ind2=" " tag="300"><subfield code="a">v.</subfield></datafield><datafield ind1=" " ind2=" " tag="310"><subfield code="a">Triweekly</subfield></datafield><datafield ind1=" " ind2=" " tag="580"><subfield code="a">Daily ed.: Charleston Mercury, and morning advertiser (Charleston, S.C. : Daily), &lt;1824&gt;.</subfield></datafield><datafield ind1=" " ind2=" " tag="588"><subfield code="a">Description based on: Nov. 23, 1824; title from column heading.</subfield></datafield><datafield ind1=" " ind2=" " tag="752"><subfield code="a">United States</subfield><subfield code="b">South Carolina</subfield><subfield code="c">Charleston</subfield><subfield code="d">Charleston.</subfield></datafield><datafield ind1="1" ind2=" " tag="775"><subfield code="t">Charleston Mercury, and morning advertiser (Charleston, S.C. : Daily)</subfield><subfield code="w">(DLC)sn 84024761</subfield></datafield><datafield ind1="0" ind2="0" tag="785"><subfield code="t">Charleston Mercury (Charleston, S.C. : Triweekly)</subfield><subfield code="w">(DLC)sn 83045170</subfield></datafield></record>